<collection xmlns="http://www.loc.gov/MARC21/slim">
   <record>
      <leader>03813cam a2200421Ki 45 0</leader>
      <controlfield tag="001">6774818</controlfield>
      <controlfield tag="003">OCoLC</controlfield>
      <controlfield tag="005">20150626113815.0</controlfield>
      <controlfield tag="008">141106t20152015njua     b    001 0 eng d</controlfield>
      <datafield ind1=" " ind2=" " tag="020">
         <subfield code="a">0691161070</subfield>
      </datafield>
      <datafield ind1=" " ind2=" " tag="020">
         <subfield code="a">9780691161075</subfield>
      </datafield>
      <datafield ind1=" " ind2=" " tag="035">
         <subfield code="a">ocn894625313</subfield>
      </datafield>
      <datafield ind1=" " ind2=" " tag="040">
         <subfield code="a">YDXCP</subfield>
         <subfield code="b">eng</subfield>
         <subfield code="c">YDXCP</subfield>
         <subfield code="d">BTCTA</subfield>
         <subfield code="d">BDX</subfield>
         <subfield code="d">ERASA</subfield>
         <subfield code="d">OCLCQ</subfield>
         <subfield code="d">NKM</subfield>
         <subfield code="d">CDX</subfield>
         <subfield code="d">GPM</subfield>
         <subfield code="d">STJ</subfield>
         <subfield code="d">MUU</subfield>
         <subfield code="d">VRC</subfield>
         <subfield code="d">VKC</subfield>
         <subfield code="d">ZCU</subfield>
         <subfield code="d">AFMK</subfield>
      </datafield>
      <datafield ind1=" " ind2=" " tag="043">
         <subfield code="a">n-us---</subfield>
         <subfield code="a">ew-----</subfield>
      </datafield>
      <datafield ind1=" " ind2="4" tag="050">
         <subfield code="a">JV6342</subfield>
         <subfield code="b">.A43 2015</subfield>
      </datafield>
      <datafield ind1="0" ind2="4" tag="082">
         <subfield code="a">304.8</subfield>
         <subfield code="2">23</subfield>
      </datafield>
      <datafield ind1=" " ind2=" " tag="090">
         <subfield code="a">JV 6342 A43 2015</subfield>
         <subfield code="b">AFMK</subfield>
      </datafield>
      <datafield ind1="1" ind2=" " tag="100">
         <subfield code="a">Alba, Richard D.,</subfield>
         <subfield code="e">author.</subfield>
         <subfield code="0">http://id.loc.gov/authorities/names/n80151834</subfield>
         <subfield code="0">http://viaf.org/viaf/19916557</subfield>
      </datafield>
      <datafield ind1="1" ind2="0" tag="245">
         <subfield code="a">Strangers no more :</subfield>
         <subfield code="b">immigration and the challenges of integration in North America and Western Europe /</subfield>
         <subfield code="c">Richard Alba and Nancy Foner.</subfield>
      </datafield>
      <datafield ind1="3" ind2="0" tag="246">
         <subfield code="a">Immigration and the challenges of integration in North America and Western Europe</subfield>
      </datafield>
      <datafield ind1=" " ind2="1" tag="264">
         <subfield code="a">Princeton :</subfield>
         <subfield code="b">Princeton University Press,</subfield>
         <subfield code="c">[2015]</subfield>
      </datafield>
      <datafield ind1=" " ind2="4" tag="264">
         <subfield code="c">©2015</subfield>
      </datafield>
      <datafield ind1=" " ind2=" " tag="300">
         <subfield code="a">x, 324 pages :</subfield>
         <subfield code="b">illustrations ;</subfield>
         <subfield code="c">24 cm</subfield>
      </datafield>
      <datafield ind1=" " ind2=" " tag="336">
         <subfield code="a">text</subfield>
         <subfield code="b">txt</subfield>
         <subfield code="2">rdacontent</subfield>
         <subfield code="0">http://id.loc.gov/vocabulary/contentTypes/txt</subfield>
      </datafield>
      <datafield ind1=" " ind2=" " tag="337">
         <subfield code="a">unmediated</subfield>
         <subfield code="b">n</subfield>
         <subfield code="2">rdamedia</subfield>
         <subfield code="0">http://id.loc.gov/vocabulary/mediaTypes/n</subfield>
      </datafield>
      <datafield ind1=" " ind2=" " tag="338">
         <subfield code="a">volume</subfield>
         <subfield code="b">nc</subfield>
         <subfield code="2">rdacarrier</subfield>
         <subfield code="0">http://id.loc.gov/vocabulary/carriers/nc</subfield>
      </datafield>
      <datafield ind1=" " ind2=" " tag="504">
         <subfield code="a">Includes bibliographical references (pages 267-313) and index.</subfield>
      </datafield>
      <datafield ind1=" " ind2=" " tag="520">
         <subfield code="a">"Strangers No More is the first book to compare immigrant integration across key Western countries. Focusing on low-status newcomers and their children, it examines how they are making their way in four critical European countries--France, Germany, Great Britain, and the Netherlands--and, across the Atlantic, in the United States and Canada. This systematic, data-rich comparison reveals their progress and the barriers they face in an array of institutions--from labor markets and neighborhoods to educational and political systems--and considers the controversial questions of religion, race, identity, and intermarriage. Richard Alba and Nancy Foner shed new light on questions at the heart of concerns about immigration. They analyze why immigrant religion is a more significant divide in Western Europe than in the United States, where race is a more severe obstacle. They look at why, despite fears in Europe about the rise of immigrant ghettoes, residential segregation is much less of a problem for immigrant minorities there than in the United States. They explore why everywhere, growing economic inequality and the proliferation of precarious, low-wage jobs pose dilemmas for the second generation. They also evaluate perspectives often proposed to explain the success of immigrant integration in certain countries, including nationally specific models, the political economy, and the histories of Canada and the United States as settler societies. Strangers No More delves into issues of pivotal importance for the present and future of Western societies, where immigrants and their children form ever-larger shares of the population"--Provided by publisher</subfield>
      </datafield>
      <datafield ind1=" " ind2=" " tag="596">
         <subfield code="a">8</subfield>
      </datafield>
      <datafield ind1=" " ind2="0" tag="650">
         <subfield code="a">Social integration</subfield>
         <subfield code="z">United States.</subfield>
         <subfield code="0">http://id.loc.gov/authorities/subjects/sh2010113565</subfield>
      </datafield>
      <datafield ind1=" " ind2="0" tag="650">
         <subfield code="a">Social integration</subfield>
         <subfield code="z">Europe, Western.</subfield>
      </datafield>
      <datafield ind1=" " ind2="0" tag="650">
         <subfield code="a">Children of immigrants</subfield>
         <subfield code="x">Cultural assimilation.</subfield>
      </datafield>
      <datafield ind1=" " ind2="0" tag="651">
         <subfield code="a">United States</subfield>
         <subfield code="x">Emigration and immigration.</subfield>
         <subfield code="0">http://id.loc.gov/authorities/subjects/sh85140040</subfield>
      </datafield>
      <datafield ind1=" " ind2="0" tag="651">
         <subfield code="a">Europe, Western</subfield>
         <subfield code="x">Emigration and immigration.</subfield>
      </datafield>
      <datafield ind1="1" ind2=" " tag="700">
         <subfield code="a">Foner, Nancy,</subfield>
         <subfield code="d">1945-</subfield>
         <subfield code="e">author.</subfield>
         <subfield code="0">http://id.loc.gov/authorities/names/n83238352</subfield>
         <subfield code="0">http://viaf.org/viaf/109279968</subfield>
      </datafield>
      <datafield ind1=" " ind2=" " tag="758">
         <subfield code="0">http://worldcat.org/entity/work/id/14105785</subfield>
      </datafield>
      <datafield ind1="0" ind2=" " tag="787">
         <subfield code="n">OCLC Work Id</subfield>
         <subfield code="o">http://worldcat.org/entity/work/id/14105785</subfield>
      </datafield>
      <datafield ind1=" " ind2=" " tag="926">
         <subfield code="a">JV 6342 A43 2015</subfield>
         <subfield code="w">LC</subfield>
         <subfield code="c">1</subfield>
         <subfield code="i">34917001375703</subfield>
         <subfield code="d">11/28/2015</subfield>
         <subfield code="l">ON_SHELF</subfield>
         <subfield code="m">KEYANO</subfield>
         <subfield code="p">$32.55</subfield>
         <subfield code="q">1</subfield>
         <subfield code="r">Y</subfield>
         <subfield code="s">Y</subfield>
         <subfield code="t">BOOK</subfield>
         <subfield code="u">1/13/2015</subfield>
         <subfield code="o">.STAFF. Rec'd Jan/15 MW</subfield>
      </datafield>
   </record>
</collection>
